@online{mlpotet,
    author={Potet, Marie-Laure},
    title={The B Method},
    date={2011},
    location={École jeunes chercheurs en programmation},
    url={http://www-verimag.imag.fr/~potet/ejcp-expose.pdf},
    keywords={bmethod}
}

@online{wikibmethod,
    title={Méthode B},
    url={https://fr.wikipedia.org/wiki/Méthode_B},
    keywords={bmethod}
}

@online{rodinuserguide,
    title={Guide utilisateur Rodin},
    url={http://www.methode-b.com/outils/rodin/guide-utilisateur/},
    keywords={rodin}
}

@online{rodinwiki,
    title={Wiki de la méthode Event-B et de Rodin},
    url={http://wiki.event-b.org/index.php/Main_Page},
    keywords={rodin}
}

@online{rodinuserhandbook,
    title={Rodin User's Handbook},
    url={http://www3.hhu.de/stups/handbook/rodin/current/html/tutorial.html},
    keywords={rodin}
}

@online{asavary,
    title={Développer pour Rodin},
    author={Savary, Aymerick},
    url={http://blog.aymericksavary.fr/?p=557},
    keywords={rodin}
}

@online{openflexodoc,
    title={Documentation officielle d'OpenFlexo},
    url={https://developers.openflexo.org/developers/documentation.html},
    keywords={openflexo}
}

@online{eventbslides,
    title={Slides de présentation du développement Rodin},
    url={http://wiki.event-b.org/index.php/Event-B_Language},
    keywords={bmethod}
}
